<?xml version="1.0" encoding="UTF-8"?><collection xmlns="http://www.loc.gov/MARC21/slim"><record><leader>00575nam--2200193-u-4500</leader><controlfield tag="001">000055559</controlfield><controlfield tag="002">20161230</controlfield><controlfield tag="005">20161230201052</controlfield><controlfield tag="008">130225s1000------------r-----000-0-eng-d</controlfield><datafield ind1=" " ind2=" " tag="040"><subfield code="a">IFIN-HH</subfield></datafield><datafield ind1=" " ind2=" " tag="080"><subfield code="a">413.232=3=2</subfield></datafield><datafield ind1="1" ind2=" " tag="100"><subfield code="a">De Vries, Louis</subfield></datafield><datafield ind1="1" ind2="0" tag="245"><subfield code="a">German-english technical and engineering dictionary</subfield><subfield code="c">Louis de vries, theo m. herrmann</subfield></datafield><datafield ind1=" " ind2=" " tag="250"><subfield code="a">Second Edition Completely Revised And Enlarged</subfield></datafield><datafield ind1=" " ind2=" " tag="260"><subfield code="a">New York</subfield><subfield code="b">Mcgraw-hill Book Company</subfield><subfield code="c">1965</subfield></datafield><datafield ind1=" " ind2=" " tag="300"><subfield code="a">1178P</subfield></datafield><datafield ind1="1" ind2=" " tag="700"><subfield code="a">Herrmann, Theo M</subfield></datafield><datafield ind1=" " ind2=" " tag="852"><subfield code="a">D.359</subfield><subfield code="c">SLT</subfield></datafield><datafield ind1=" " ind2=" " tag="CAT"><subfield code="a">Sys</subfield><subfield code="c">20130225</subfield><subfield code="h">125807</subfield></datafield></record></collection>